%% This BibTeX bibliography file was created using BibDesk.
%% http://bibdesk.sourceforge.net/


%% Created for Andrew at 2020-05-28 15:55:44 +1000 


%% Saved with string encoding Unicode (UTF-8) 


@comment{jabref-meta: databaseType:bibtex;}


@string{rwth = {Rheinisch Westf{\accent127 a}lische Technische Hoch\-schule}}

@string{rwth-a = {Aachen, Germany}}

@string{rwthldfm = {Lehrstuhl D f{\accent127 u}r Mathematik, Rheinisch Westf{\accent127 a}lische Technische Hoch\-schule}}


@inproceedings{knuth1970simple,
	Author = {Knuth, Donald E. and Bendix, Peter B.},
	Booktitle = {Computational {P}roblems in {A}bstract {A}lgebra ({P}roc. {C}onf., {O}xford, 1967)},
	Mrclass = {08.30 (02.00)},
	Mrnumber = {0255472},
	Mrreviewer = {B. H. Neumann},
	Pages = {263--297},
	Publisher = {Pergamon, Oxford},
	Title = {Simple word problems in universal algebras},
	Year = {1970}}

@article{bhatia2018position,
	Author = {Bhatia, Sangeeta and Feij{\~a}o, Pedro and Francis, Andrew R},
	Date-Added = {2019-03-29 10:15:10 +1100},
	Date-Modified = {2019-03-29 10:15:28 +1100},
	Journal = {Bulletin of Mathematical Biology},
	Number = {12},
	Pages = {3227--3246},
	Publisher = {Springer},
	Title = {Position and content paradigms in genome rearrangements: the wild and crazy world of permutations in genomics},
	Volume = {80},
	Year = {2018}}

@article{beckmann2007copy,
	Author = {Beckmann, Jacques S and Estivill, Xavier and Antonarakis, Stylianos E},
	Journal = {Nature Reviews Genetics},
	Number = {8},
	Pages = {639},
	Publisher = {Nature Publishing Group},
	Title = {Copy number variants and genetic traits: closer to the resolution of phenotypic to genotypic variability},
	Volume = {8},
	Year = {2007}}

@article{belda2005genome,
	Author = {Belda, Eugeni and Moya, Andr{\'e}s and Silva, Francisco J},
	Journal = {Molecular Biology and Evolution},
	Number = {6},
	Pages = {1456--1467},
	Publisher = {Oxford University Press},
	Title = {Genome Rearrangement Distances and Gene Order Phylogeny in $\gamma$-Proteobacteria},
	Volume = {22},
	Year = {2005}}

@book{humphreys1992reflection,
	Author = {Humphreys, James E},
	Date-Added = {2018-02-06 11:00:28 +0000},
	Date-Modified = {2018-02-07 22:29:24 +0000},
	Publisher = {Cambridge University Press},
	Title = {Reflection groups and Coxeter groups},
	Volume = {29},
	Year = {1992}}

@manual{Sch97,
	Address = RWTH-A,
	Author = {Martin Sch{\accent127 o}nert and others},
	Keywords = {groups; *; gap; manual},
	Notes = {PAGES: 1571},
	Organization = RWTHLDFM,
	Title = {{GAP} -- {Groups}, {Algorithms}, and {Programming} -- version 3 release 4 patchlevel 4},
	Year = {1997}}

@article{newman1942theories,
	Author = {Newman, Maxwell Herman Alexander},
	Journal = {Annals of mathematics},
	Pages = {223--243},
	Publisher = {JSTOR},
	Title = {On theories with a combinatorial definition of ``equivalence''},
	Year = {1942}}

@book{baader1999term,
	Author = {Baader, Franz and Nipkow, Tobias},
	Date-Modified = {2018-02-07 22:31:04 +0000},
	Publisher = {Cambridge University Press},
	Title = {Term rewriting and all that},
	Year = {1999}}

@inproceedings{egri2014bacterial,
	Author = {Egri-Nagy, Attila and Francis, Andrew R and Gebhardt, Volker},
	Booktitle = {International Congress on Mathematical Software},
	Date-Modified = {2018-02-07 22:26:32 +0000},
	Organization = {Springer},
	Pages = {67--74},
	Title = {Bacterial Genomics and Computational Group Theory: The {BioGAP} Package for {GAP}},
	Year = {2014}}

@article{revell2014rphylip,
	Author = {Revell, Liam J and Chamberlain, Scott A},
	Date-Modified = {2018-02-07 22:29:09 +0000},
	Journal = {Methods in Ecology and Evolution},
	Number = {9},
	Pages = {976--981},
	Publisher = {Wiley Online Library},
	Title = {Rphylip: an {R} interface for {PHYLIP}},
	Volume = {5},
	Year = {2014}}

@misc{felsenstein1993phylip,
	Author = {Felsenstein, Joseph},
	Publisher = {Joseph Felsenstein.},
	Title = {{PHYLIP (phylogeny inference package), version 3.5 c}},
	Year = {1993}}

@misc{holtkbmag,
	Author = {Holt, Derek F},
	Date-Modified = {2020-05-28 15:55:44 +1000},
	Howpublished = {ftp.maths.warwick.ac.uk in directory people/dfh/kbmag2},
	Title = {{KBMAG}---{K}nuth-{B}endix in {M}onoids and {A}utomatic Groups},
	Year = {1995}}

@inproceedings{shao2014exact,
	Author = {Shao, Mingfu and Lin, Yu and Moret, Bernard},
	Booktitle = {International Conference on Research in Computational Molecular Biology},
	Organization = {Springer},
	Pages = {280--292},
	Title = {An exact algorithm to compute the DCJ distance for genomes with duplicate genes},
	Year = {2014}}

@article{tesler2002grimm,
	Author = {Tesler, Glenn},
	Journal = {Bioinformatics},
	Number = {3},
	Pages = {492--493},
	Publisher = {Oxford Univ Press},
	Title = {GRIMM: genome rearrangements web server},
	Volume = {18},
	Year = {2002}}

@article{sankoff1991derange,
	Author = {Sankoff, D and Leduc, G and Rand, D},
	Date-Modified = {2018-02-07 22:30:01 +0000},
	Journal = {Macintosh Application, Centre des Recherches Mathematiques, Universite de Montreal},
	Title = {DERANGE---Minimum weight generation of oriented permutation by block inversions and block movements},
	Year = {1991}}

@inproceedings{swidan2004sorting,
	Author = {Swidan, Firas and Bender, Michael A and Ge, Dongdong and He, Simai and Hu, Haodong and Pinter, Ron Y},
	Booktitle = {Annual Symposium on Combinatorial Pattern Matching},
	Organization = {Springer},
	Pages = {32--46},
	Title = {Sorting by length-weighted reversals: Dealing with signs and circularity},
	Year = {2004}}

@article{bender2008improved,
	Author = {Bender, Michael A and Ge, Dongdong and He, Simai and Hu, Haodong and Pinter, Ron Y and Skiena, Steven and Swidan, Firas},
	Journal = {Journal of Computer and System Sciences},
	Number = {5},
	Pages = {744--774},
	Publisher = {Elsevier},
	Title = {Improved Bounds on Sorting by Length-Weighted Reversals},
	Volume = {74},
	Year = {2008}}

@inproceedings{sankoff1992edit,
	Author = {Sankoff, David},
	Booktitle = {Annual Symposium on Combinatorial Pattern Matching},
	Organization = {Springer},
	Pages = {121--135},
	Title = {Edit distance for genome comparison based on non-local operations},
	Year = {1992}}

@article{chen1996sorting,
	Author = {Chen, Ting and Skiena, Steven S},
	Journal = {Discrete Applied Mathematics},
	Number = {1},
	Pages = {269--295},
	Publisher = {Elsevier},
	Title = {Sorting with fixed-length reversals},
	Volume = {71},
	Year = {1996}}

@article{galvao2015sorting,
	Author = {Galv{\~a}o, Gustavo Rodrigues and Lee, Orlando and Dias, Zanoni},
	Journal = {Algorithms for Molecular Biology},
	Number = {1},
	Pages = {1},
	Publisher = {BioMed Central},
	Title = {Sorting signed permutations by short operations},
	Volume = {10},
	Year = {2015}}

@article{dobzhansky1938inversions,
	Author = {Dobzhansky, T and Sturtevant, AH},
	Journal = {Genetics},
	Number = {1},
	Pages = {28},
	Publisher = {Genetics Society of America},
	Title = {Inversions in the chromosomes of {D}rosophila {P}seudoobscura},
	Volume = {23},
	Year = {1938}}

@book{coxeter1980generators,
	Author = {Coxeter, Harold SM and Moser, William OJ},
	Publisher = {Springer Science \& Business Media},
	Title = {Generators and Relations for Discrete Groups},
	Volume = {14},
	Year = {1980}}

@article{watterson1982chromosome,
	Author = {G. A. Watterson and W. J. Ewens and T. E. Hall and A. Morgan},
	Journal = {Journal of Theoretical Biology},
	Number = {1},
	Pages = {1--7},
	Publisher = {Elsevier},
	Title = {The {C}hromosome {I}nversion {P}roblem},
	Volume = {99},
	Year = {1982}}

@incollection{knuth1983simple,
	Author = {Knuth, Donald E and Bendix, Peter B},
	Booktitle = {Automation of Reasoning},
	Pages = {342--376},
	Publisher = {Springer},
	Title = {Simple {W}ord {P}roblems in {U}niversal {A}lgebras},
	Year = {1983}}

@incollection{brown1988solving,
	Author = {Brown, Cynthia and Cooperman, Gene and Finkelstein, Larry},
	Booktitle = {Symbolic and Algebraic Computation},
	Pages = {364--377},
	Publisher = {Springer},
	Title = {Solving permutation problems using rewriting systems},
	Year = {1988}}

@article{epstein1991use,
	Author = {Epstein, David Bernard Alper and Holt, Derek F. and Rees, SE},
	Journal = {Journal of Symbolic Computation},
	Number = {4},
	Pages = {397--414},
	Publisher = {Elsevier},
	Title = {The use of Knuth-Bendix methods to solve the word problem in automatic groups},
	Volume = {12},
	Year = {1991}}

@article{sankoff1992gene,
	Author = {Sankoff, David and Leduc, Guillame and Antoine, Natalie and Paquin, Bruno and Lang, B Franz and Cedergren, Robert},
	Journal = {Proceedings of the National Academy of Sciences},
	Number = {14},
	Pages = {6575--6579},
	Publisher = {National Academy of Sciences},
	Title = {Gene order comparisons for phylogenetic inference: {E}volution of the mitochondrial genome},
	Volume = {89},
	Year = {1992}}

@inproceedings{bafna1993genome,
	Author = {Bafna, Vineet and Pevzner, Pavel A},
	Booktitle = {Foundations of Computer Science, 1993. Proceedings., 34th Annual Symposium on},
	Organization = {IEEE},
	Pages = {148--157},
	Title = {Genome rearrangements and sorting by reversals},
	Year = {1993}}

@article{cohen1993string,
	Author = {Cohen, Daniel E},
	Journal = {Geometric group theory},
	Pages = {37--47},
	Publisher = {Cambridge University Press Cambridge},
	Title = {String rewriting---a survey for group theorists},
	Volume = {1},
	Year = {1993}}

@book{sims1994computation,
	Author = {Sims, Charles C},
	Publisher = {Cambridge University Press},
	Title = {Computation with finitely presented groups},
	Volume = {48},
	Year = {1994}}

@inproceedings{bafna1995sorting,
	Author = {Bafna, Vineet and Pevzner, Pavel},
	Booktitle = {Proceedings of the sixth annual ACM-SIAM symposium on Discrete algorithms},
	Organization = {Society for Industrial and Applied Mathematics},
	Pages = {614--623},
	Title = {Sorting permutations by tanspositions},
	Year = {1995}}

@article{bafna1998sorting,
	Author = {Bafna, Vineet and Pevzner, Pavel A},
	Journal = {SIAM Journal on Discrete Mathematics},
	Number = {2},
	Pages = {224--240},
	Publisher = {SIAM},
	Title = {Sorting by transpositions},
	Volume = {11},
	Year = {1998}}

@article{eisen2000evidence,
	Author = {Eisen, Jonathan A and Heidelberg, John F and White, Owen and Salzberg, Steven L and others},
	Journal = {Genome Biol},
	Number = {6},
	Pages = {1--0011},
	Title = {Evidence for symmetric chromosomal inversions around the replication origin in bacteria},
	Volume = {1},
	Year = {2000}}

@article{Rokas2000,
	Author = {Rokas, Antonis and Holland, Peter W.H.},
	Issn = {0169-5347},
	Journal = {Trends in Ecology \& Evolution},
	Month = nov,
	Number = {11},
	Pages = {454--459},
	Pmid = {11050348},
	Title = {{Rare genomic changes as a tool for phylogenetics.}},
	Url = {http://www.ncbi.nlm.nih.gov/pubmed/11050348},
	Volume = {15},
	Year = {2000},
	Bdsk-Url-1 = {http://www.ncbi.nlm.nih.gov/pubmed/11050348}}

@article{seoighe2000prevalence,
	Author = {Seoighe, Cathal and Federspiel, Nancy and Jones, Ted and Hansen, Nancy and Bivolarovic, Vesna and Surzycki, Ray and Tamse, Raquel and Komp, Caridad and Huizar, Lucas and Davis, Ronald W and others},
	Journal = {Proceedings of the National Academy of Sciences},
	Number = {26},
	Pages = {14433--14437},
	Publisher = {National Acad Sciences},
	Title = {Prevalence of small inversions in yeast gene order evolution},
	Volume = {97},
	Year = {2000}}

@article{pinter2002genomic,
	Author = {Pinter, Ron Y and Skiena, Steven},
	Journal = {Genome Informatics},
	Pages = {103--111},
	Title = {Genomic sorting with length-weighted reversals},
	Volume = {13},
	Year = {2002}}

@article{lefebvre2003detection,
	Author = {Lefebvre, Jean-Fran{\c{c}}ois and El-Mabrouk, Nadia and Tillier, E and Sankoff, David},
	Journal = {Bioinformatics},
	Number = {suppl 1},
	Pages = {i190--i196},
	Publisher = {Oxford Univ Press},
	Title = {Detection and validation of single gene inversions},
	Volume = {19},
	Year = {2003}}

@article{abels2004reductive,
	Author = {Abels, Herbert},
	Journal = {London Mathematical Society Lecture Note Series},
	Pages = {1--20},
	Publisher = {Cambridge University Press},
	Title = {Reductive groups as metric spaces},
	Volume = {311},
	Year = {2004}}

@book{holt2005handbook,
	Author = {Holt, Derek F and Eick, Bettina and O'Brien, Eamonn A},
	Publisher = {CRC Press},
	Title = {Handbook of computational group theory},
	Year = {2005}}

@article{Belda2005,
	Author = {Belda, Eugeni and Moya, Andr\'{e}s and Silva, Francisco J},
	Doi = {10.1093/molbev/msi134},
	Issn = {0737-4038},
	Journal = {Molecular biology and evolution},
	Month = jun,
	Number = {6},
	Pages = {1456--67},
	Pmid = {15772379},
	Title = {{Genome rearrangement distances and gene order phylogeny in gamma-Proteobacteria.}},
	Url = {http://www.ncbi.nlm.nih.gov/pubmed/15772379},
	Volume = {22},
	Year = {2005},
	Bdsk-Url-1 = {http://www.ncbi.nlm.nih.gov/pubmed/15772379},
	Bdsk-Url-2 = {http://dx.doi.org/10.1093/molbev/msi134}}

@article{yancopoulos2005efficient,
	Author = {Yancopoulos, Sophia and Attie, Oliver and Friedberg, Richard},
	Journal = {Bioinformatics},
	Number = {16},
	Pages = {3340--3346},
	Publisher = {Oxford Univ Press},
	Title = {Efficient sorting of genomic permutations by translocation, inversion and block interchange},
	Volume = {21},
	Year = {2005}}

@inproceedings{chaudhuri2006tandem,
	Author = {Chaudhuri, Kamalika and Chen, Kevin and Mihaescu, Radu and Rao, Satish},
	Booktitle = {Proceedings of the seventeenth annual ACM-SIAM symposium on Discrete algorithm},
	Organization = {Society for Industrial and Applied Mathematics},
	Pages = {564--570},
	Title = {On the tandem duplication-random loss model of genome rearrangement},
	Year = {2006}}

@article{Boore2006,
	Author = {Boore, Jeffrey L},
	Doi = {10.1016/j.tree.2006.05.009},
	Issn = {0169-5347},
	Journal = {Trends in ecology \& evolution},
	Keywords = {Genome,Mitochondria,Mitochondria: genetics,Phylogeny},
	Month = aug,
	Number = {8},
	Pages = {439--46},
	Pmid = {16762445},
	Title = {{The use of genome-level characters for phylogenetic reconstruction.}},
	Url = {http://www.ncbi.nlm.nih.gov/pubmed/16762445},
	Volume = {21},
	Year = {2006},
	Bdsk-Url-1 = {http://www.ncbi.nlm.nih.gov/pubmed/16762445},
	Bdsk-Url-2 = {http://dx.doi.org/10.1016/j.tree.2006.05.009}}

@incollection{bergeron2006unifying,
	Author = {Bergeron, Anne and Mixtacki, Julia and Stoye, Jens},
	Booktitle = {Algorithms in Bioinformatics},
	Date-Added = {2016-04-09 00:08:06 +0000},
	Date-Modified = {2016-04-09 00:08:06 +0000},
	Pages = {163--173},
	Publisher = {Springer},
	Title = {A {U}nifying {V}iew of {G}enome {R}earrangements},
	Year = {2006}}

@article{Darling2008,
	Author = {Darling, Aaron E. and Miklos, Istvan and Ragan, Mark A},
	Journal = {PLoS Genetics},
	Number = {7},
	Title = {{Dynamics of Genome Rearrangement in Bacterial Populations}},
	Volume = {4},
	Year = {2008}}

@article{schmidt2010finite,
	Author = {Schmidt, Jack},
	Journal = {Computational Group Theory and the Theory of Groups, II},
	Pages = {185},
	Publisher = {American Mathematical Soc.},
	Title = {Finite groups have short rewriting systems},
	Volume = {511},
	Year = {2010}}

@book{birget2012algorithmic,
	Author = {Birget, Jean-Camille and Margolis, Stuart and Meakin, John and Sapir, Mark V},
	Pages = {81},
	Publisher = {Springer Science \& Business Media},
	Title = {Algorithmic Problems in Groups and Semigroups},
	Year = {2012}}

@book{baumslag2012algorithms,
	Author = {Baumslag, Gilbert and Charles III, F},
	Pages = {49},
	Publisher = {Springer Science \& Business Media},
	Title = {Algorithms and classification in combinatorial group theory},
	Volume = {23},
	Year = {2012}}

@article{yin2013sorting,
	Author = {Yin, Xiao and Zhu, Daming},
	Journal = {Theoretical Computer Science},
	Pages = {127--135},
	Publisher = {Elsevier},
	Title = {Sorting genomes by generalized translocations},
	Volume = {491},
	Year = {2013}}

@article{egrinagy2013group,
	Author = {Egri-Nagy, Attila and Gebhardt, Volker and Tanaka, Mark M and Francis, Andrew R},
	Journal = {Journal of Mathematical Biology},
	Number = {1},
	Pages = {243--265},
	Publisher = {Springer},
	Title = {Group-theoretic models of the inversion process in bacterial genomes},
	Volume = {69},
	Year = {2014}}

@article{bhatia2014algebraic,
	Author = {Bhatia, Sangeeta and Egri-Nagy, Attila and Francis, Andrew R},
	Journal = {Journal of Mathematical Biology},
	Pages = {1--30},
	Publisher = {Springer},
	Title = {Algebraic {D}ouble {C}ut and {J}oin},
	Year = {2014}}

@article{francis2014algebraic,
	Author = {Francis, A.},
	Journal = {Journal of Mathematical Biology},
	Number = {6-7},
	Pages = {1693--1718},
	Title = {An algebraic view of bacterial genome evolution},
	Volume = {69},
	Year = {2014}}

@article{hannenhalli1999transforming,
	Author = {Hannenhalli, Sridhar and Pevzner, Pavel A},
	Journal = {Journal of the ACM (JACM)},
	Number = {1},
	Pages = {1--27},
	Publisher = {ACM},
	Title = {Transforming cabbage into turnip: polynomial algorithm for sorting signed permutations by reversals},
	Volume = {46},
	Year = {1999}}
